<record><leader>00000cas a22000007a 4500</leader><controlfield tag="001">24293098</controlfield><controlfield tag="008">910826d188718uuncuwr ne      0    0eng d</controlfield><datafield ind1=" " ind2=" " tag="010"><subfield code="a">sn 91068303 </subfield></datafield><datafield ind1=" " ind2=" " tag="040"><subfield code="a">NVJ</subfield><subfield code="b">eng</subfield><subfield code="c">NVJ</subfield><subfield code="d">OCLCQ</subfield></datafield><datafield ind1=" " ind2=" " tag="042"><subfield code="a">msc</subfield></datafield><datafield ind1="0" ind2=" " tag="130"><subfield code="a">Dispatch (Franklinton, N.C.)</subfield></datafield><datafield ind1="1" ind2="4" tag="245"><subfield code="a">The dispatch.</subfield></datafield><datafield ind1=" " ind2=" " tag="260"><subfield code="a">Franklinton, N.C. :</subfield><subfield code="b">Dispatch Pub. Co.</subfield></datafield><datafield ind1=" " ind2=" " tag="300"><subfield code="a">v.</subfield></datafield><datafield ind1=" " ind2=" " tag="310"><subfield code="a">Weekly</subfield></datafield><datafield ind1="0" ind2=" " tag="362"><subfield code="a">Vol. 1, no. 1 (July 21, 1887)-</subfield></datafield><datafield ind1=" " ind2=" " tag="500"><subfield code="a">An advance issue as prospectus of the paper published on July 13, 1887.</subfield></datafield><datafield ind1=" " ind2=" " tag="752"><subfield code="a">United States</subfield><subfield code="b">North Carolina</subfield><subfield code="c">Franklin</subfield><subfield code="d">Franklinton.</subfield></datafield></record>